@ARTICLE{yakovlev2019algorithms,
  title={Алгоритмы локальной минимизации силового поля для трехмерного представления макромолекул}, 
  author={Аникин, А. С. and Большакова, О. А. and Гасников, А. В. and Горнов, А. Ю. and Ермак, Т. В. and Макаренко, Д. В. and Морозов, В. П. and Нетеребский, Б. О. and Яковлев, П. А.},
  year={2019},
  journal = {Журнал вычислительной математики и математической физики},
  volume = {59},
  number = {12},
  pages = {2060 - 2076},
  language = {russian},
  authorvak = {true},
  authorwos = {true},
  authorscopus = {true},
  doi = {10.1134/S0044466919120032}
}

@ARTICLE{Stonyakin_2021,
  title={Численные методы для некоторых классов вариационных неравенств с относительно сильно монотонными операторами}, 
  author={Стонякин, Ф. С. and Титов, A. A. and Макаренко, Д. В. and Алкуса, М. С.},
  journal = {Математические заметки},
  year={2020},
  volume = {107},
  number = {8},
  language = {russian},
  eprint={2109.03314},
  authorconf = {true},
  authorother = {true},
  archivePrefix={arXiv},
  primaryClass={math.OC},
  url={https://arxiv.org/pdf/2109.03314.pdf}
}

@ARTICLE{sharp22,
  author = {Аблаев, С.С. and Макаренко, Д.В. and Стонякин, Ф.С. and Алкуса, М.С. and Баран, И.В.},
  title = {Субградиентные методы для задач негладкой оптимизации с некоторой релаксацией условия острого минимума},
  journal = {Компьютерные исследования и моделирование},
  year = {2022},
  volume = {14},
  number = {2},
  pages = {473 - 495},
  language = {russian},
  authorother = {true},
  authorwos = {true},
  authorscopus = {true},
  doi = {10.20537/2076-7633-2022-14-2-473-495}
}

