% ГОСТ Р 7.0.11-2011, Приложение Б, Книги

@Book{3,
  author =       {Нестеров,~Ю.~Е.},
  options =      {maxnames=1},
  title =        {Эффективные методы нелинейного программирования.},
  publisher =    {Радио и связь},
  year =         1989,
  pagetotal =    301,
  location =     {М.},
  language =     {russian},
  isbn =         {5-256-00524-3},
}

@Book{9,
  author =       {Нестеров,~Ю.~Е.},
  options =      {maxnames=1},
  title =        {Методы выпуклой оптимизации.},
  publisher =    {МЦНМО.},
  year =         2010,
  pagetotal =    281,
  location =     {М.},
  language =     {russian},
  isbn =         {978-5-94057-623-5},
}

@article{6,
  title = "Минимизация негладких функционалов",
  journal = "Журн. вычисл. математики и мат. физики",
  volume = "9",
  number = "3",
  pages = "509 - 521",
  year = "1969",
  doi = "10.1016/0041-5553(69)90061-5",
  author = "Поляк,~Б.~Т.",
  language = {russian}
}

@Book{1,
  author =       {Поляк,~Б.~Т.},
  options =      {maxnames=1},
  title =        {Методы выпуклой оптимизации.},
  publisher =    {Наука},
  year =         1983,
  pagetotal =    384,
  location =     {М.},
  language =     {russian},
}

@online{10,
  title={Адаптивные зеркальные спуски для задач выпуклого программирования с использованием $\delta$-субградиентов},
  author={Стонякин,~Ф.~С.},
  year={2020},
  doi = {10.48550/ARXIV.2012.12856},
  url = {https://arxiv.org/pdf/2012.12856.pdf},
  language = {russian}
}

@article{5,
  title = "Адаптивные методы градиентного тима для задач минимизации с относительной точностью и острым минимумом",
  journal = "Труды ИММ УрО РАН",
  volume = "27",
  number = "4",
  pages = "175 - 188",
  year = "2021",
  doi = "10.21538/0134-4889-2021-27-4-175-188",
  author = "Стонякин,~Ф.~С. and Баран,~И.~В. and Аблаев~С.~С.",
  language = {russian}
}

@article{DevGleenerNesterov,
  title = "First-order methods of smooth convex optimization with inexact oracle",
  journal = "Math. Programming",
  volume = "146",
  number = "1",
  pages = "37 - 75",
  year = "2014",
  doi = "10.1007/s10107-013-0677-5",
  author = "Devolder,~O. and Glineur,~F. and Nesterov,~Yu.",
  language = {english}
}

@article{7,
  title = "Gradient descent learns linear dynamical systems",
  journal = "Journal of Machine Learning Research",
  volume = "19",
  number = "29",
  pages = "1 - 44",
  year = "2018",
  author = "Hardt,~M. and Ma,~T. and Recht,~B.",
  url     = {http://jmlr.org/papers/v19/16-465.html},
  language = {english}
}

@article{8,
  title = "Near-optimal methods for minimizing star-convex functions and beyond",
  journal = "Proceedings of Machine Learning Research",
  volume = "125",
  pages = "1894 - 1938",
  year = "2020",
  author = "Hinder,~O. and Sidford,~A. and Sohoni,~N.~S.",
  language = {english}
}

@online{Bach_2012,
  title={A simpler approach to obtaining an $O(1/t)$ convergence rate for the projected stochastic subgradient method},
  author={Julien,~S.~L. and  Schmidt,~M. and  Bach,~F.},
  year={2012},
  doi = {10.48550/ARXIV.1212.2002},
  url = {https://arxiv.org/pdf/1212.2002.pdf},
  language = {english}
}

@article{11,
  title = "First-order methods of smooth convex optimization with inexact oracle",
  journal = "Computer Research and Modeling",
  volume = "12",
  number = "2",
  pages = "301 - 317",
  year = "2020",
  doi = "10.20537/2076-7633-2020-12-2-301-317",
  author = "Stonyakin, F.S. and Stepanov, A.N. and Gasnikov, A.V. and Titov, A.A.",
  language = {english}
}

@article{Nem_Nest_1985,
  title = "Оптимальные методы гладкой выпуклой минимизации",
  journal = "Журнал вычислительной математики и математической физики",
  volume = "25",
  number = "3",
  pages = "356 - 369",
  year = "1985",
  author = "Немировский, А.С. and Нестеров, Ю.Е.",
  language = {russian}
}

@online{AdaMirr_2021,
  title={Adaptive first-order methods revisited: Convex optimization without Lipschitz requirements},
  author={Antonakopoulos, K. and Mertikopoulos, P.},
  year={2021},
  doi = {10.48550/ARXIV.2107.08011},
  url = {https://arxiv.org/pdf/2107.08011.pdf},
  language = {english}
}

@article{Bauschke,
  title = "A descent lemma beyond Lipschitz gradient continuity: first-order methods revisited and applications",
  journal = "Mathematics of Operations Research",
  volume = "42",
  number = "2",
  pages = "330 - 348",
  year = "2017",
  author = "Bauschke, H. and Bolte, J. and Teboulle, M.",
  language = {english}
}

@online{Drag,
  title={Optimal Complexity and Certification of Bregman First-Order Methods},
  journal = {Mathematical Programming},
  author={Dragomir, R. A. and Taylor, A. and d’Aspremont, A. and Bolte, J.},
  year={2021},
  doi = {10.1007/s10107-021-01618-1},
  url = {https://doi.org/10.1007/s10107-021-01618-1},
  language = {english}
}

@online{Dragomir,
  title={Bregman Gradient Methods for Relatively-Smooth Optimization 
  Doctoral dissertation},
  journal = {UT1 Capitole},
  author={Dragomir, R.A.},
  year={2021},
  url = {https://hal.inria.fr/tel-03389344/document},
  language = {english}
}

@article{UMP,
  title = "An adaptive proximal method for variational inequalities",
  journal = "Computational Mathematics and Mathematical Physics",
  volume = "59",
  number = "5",
  pages = "836 - 841",
  year = "2018",
  author = "Gasnikov, A. and Dvurechensky, P. and Stonyakin, F. and Titov, A.",
  language = {english}
}

@inproceedings{Hendr,
  TITLE = {Statistically Preconditioned Accelerated Gradient Method for Distributed Optimization},
  AUTHOR = {Hendrikx, H.  and Xiao, L.  and Bubeck, S. and Bach, F. and Massoulie L.},
  URL = {https://hal.archives-ouvertes.fr/hal-02974232},
  BOOKTITLE = {ICML 2020 - Thirty-seventh International Conference on Machine Learning},
  ADDRESS = {Vienna / Virtual, Austria},
  SERIES = {Proceedings of Machine Learning Research},
  YEAR = {2020},
  MONTH = Jul,
  PDF = {https://hal.archives-ouvertes.fr/hal-02974232/file/MSR_visit.pdf},
  HAL_ID = {hal-02974232},
  HAL_VERSION = {v1},
}

@online{Simon_Julien_Bach_2012,
  title={Bregman Gradient Methods for Relatively-Smooth Optimization 
  Doctoral dissertation},
  journal = {UT1 Capitole},
  author={Julien, S. and Schmidt, M. and Bach, F.},
  year={2012},
  url = {https://arxiv.org/pdf/1212.2002.pdf},
  language = {english}
}
% \RBibitem{Simon_Julien_Bach_2012}  = Bach_2012

@article{Lu_2018,
  title = "Relative-Continuity  for Non-Lipschitz Non-Smooth Convex Optimization using Stochastic (or Deterministic) Mirror Descent",
  journal = "INFORMS Journal on Optimization",
  volume = "1",
  number = "4",
  pages = "288 - 303",
  year = "2018",
  author = "Lu, H.",
  language = {english}
}

@article{Lu_Nesterov_2018,
  title = "Relatively Smooth Convex Optimization by First-Order Methods, and Applications",
  journal = "SIAM Journal on Optimization",
  volume = "28",
  number = "1",
  pages = "333 - 354",
  year = "2018",
  author = "Lu, H. and Freund, R. and Nesterov, Yu.",
  language = {english}
}

@online{Fedor_relative_adapuniv,
  title={Gradient-Type Adaptive Methods for Relatively Lipschitz Convex Optimization Problems},
  author={Stonyakin, F. and Titov, A. and Alkousa, M. and Savchuk, O. and Pasechnyuk, D.},
  year={2021},
  url = {https://arxiv.org/pdf/2107.05765.pdf},
  language = {english}
}

@article{Inex,
  title = "Inexact relative smoothness and strong convexity for optimization and variational inequalities by inexact model",
  journal = "Optimization Methods and Software",
  year = "2021",
  doi = "10.1080/10556788.2021.1924714",
  author = "Stonyakin, F. and Tyurin, A. and Gasnikov, A. and Dvurechensky, P. and  Agafonov, A. and Dvinskikh, D. and Alkousa, M. and Pasechnyuk, D. and Artamonov, S. and Piskunova, V.",
  language = {english}
}

@article{Main,
  title = "Algorithms for solving variational inequalities and saddle point problems with some generalizations of Lipschitz property for operators",
  journal = "Communications in Computer and Information Science",
  volume = "1476",
  pages = "86 - 101",
  year = "2021",
  author = "Titov, A. and Stonyakin, F. and Alkousa, M. and Gasnikov, A.",
  language = {english}
}

%Статья в трудах конференции
@article{Zhou_NIPS_2020,
  title = "Regret Bounds without Lipschitz Continuity: Online Learning with Relative-Lipschitz Losses",
  journal = "34th Conference on Neural Information Processing Systems (NeurIPS 2020)",
  pages = "232 - 246",
  year = "2020",
  author = "Zhou, Y. and Portella, V. and Schmidt, M. and Harvey, N.",
  language = {english}
}

@article{shapiro_2005,
    author="Shapiro, Alexander and Nemirovski, Arkadi",
    title="On Complexity of Stochastic Programming Problems",
    bookTitle="Continuous Optimization: Current Trends and Modern Applications",
    year="2005",
    publisher="Springer US",
    address="Boston, MA",
    pages="111--146",
    isbn="978-0-387-26771-5",
    doi="10.1007/0-387-26771-9_4",
    url="https://doi.org/10.1007/0-387-26771-9_4"
}

@book{shapiro_2021,
    author="Shapiro, A. and  Dentcheva, D. and Ruszczynski, A.",
    bookTitle=" Lectures on stochastic programming: modeling and theory.",
    year="2021",
    publisher="MOS-SIAM Series on Optimization",
    pages="494",
    isbn="978-1-61197-342-6",
    doi="10.1137/1.9781611973433",
    url="https://doi.org/10.1137/1.9781611973433"
}
